<record><leader>00000cas a22000007a 4500</leader><controlfield tag="001">18711774</controlfield><controlfield tag="008">881104d18401842mdudr ne      0    0eng d</controlfield><datafield ind1=" " ind2=" " tag="010"><subfield code="a">sn 88065145 </subfield></datafield><datafield ind1=" " ind2=" " tag="040"><subfield code="a">MFN</subfield><subfield code="b">eng</subfield><subfield code="c">MFN</subfield><subfield code="d">OCLCQ</subfield></datafield><datafield ind1=" " ind2=" " tag="042"><subfield code="a">msc</subfield></datafield><datafield ind1="0" ind2=" " tag="130"><subfield code="a">Daily argus (Baltimore, Md. : 1840)</subfield></datafield><datafield ind1="1" ind2="0" tag="245"><subfield code="a">Daily argus.</subfield></datafield><datafield ind1=" " ind2=" " tag="260"><subfield code="a">Baltimore [Md.] :</subfield><subfield code="b">R.M. Cloud &amp; Co.</subfield></datafield><datafield ind1=" " ind2=" " tag="300"><subfield code="a">v.</subfield></datafield><datafield ind1=" " ind2=" " tag="310"><subfield code="a">Daily</subfield></datafield><datafield ind1="1" ind2=" " tag="362"><subfield code="a">Began in 1840; ceased in 1842?</subfield></datafield><datafield ind1=" " ind2=" " tag="588"><subfield code="a">Description based on: June 26, 1841.</subfield></datafield><datafield ind1=" " ind2=" " tag="752"><subfield code="a">United States</subfield><subfield code="b">Maryland</subfield><subfield code="d">Baltimore.</subfield></datafield><datafield ind1="0" ind2="7" tag="785"><subfield code="t">Baltimore Republican (Baltimore, Md. : 1837)</subfield><subfield code="w">(DLC)sn 83016479</subfield></datafield><datafield ind1="0" ind2="7" tag="785"><subfield code="t">Republican &amp; daily argus (Baltimore, Md. : 1842)</subfield><subfield code="w">(DLC)sn 84020336</subfield></datafield></record>